<?xml version="1.0" encoding="UTF-8"?>
<OAI-PMH xmlns="http://www.openarchives.org/OAI/2.0/" xmlns:xsi="http://www.w3.org/2001/XMLSchema-instance" xsi:schemaLocation="http://www.openarchives.org/OAI/2.0/ http://www.openarchives.org/OAI/2.0/OAI-PMH.xsd">
  <ListRecords>
    <record>
      <header>
        <identifier>aleph-publish:018412741</identifier>
      </header>
      <metadata>
        <record xmlns="http://www.ddb.de/professionell/mabxml/mabxml-1.xsd">
          <leader>00000nM2.01200024------h</leader>
          <controlfield tag="LDR">00000nM2.01200024------h</controlfield>
          <controlfield tag="FMT">MH</controlfield>
          <datafield tag="001" ind1="-" ind2="1">
            <subfield code="a">HT016709661</subfield>
          </datafield>
          <datafield tag="002" ind1="a" ind2="1">
            <subfield code="a">20110210</subfield>
          </datafield>
          <datafield tag="003" ind1="-" ind2="1">
            <subfield code="a">20141121164603</subfield>
          </datafield>
          <datafield tag="020" ind1="a" ind2="1">
            <subfield code="a">2594002-8</subfield>
            <subfield code="b">DNB</subfield>
          </datafield>
          <datafield tag="025" ind1="a" ind2="1">
            <subfield code="a">1009982311</subfield>
          </datafield>
          <datafield tag="025" ind1="z" ind2="1">
            <subfield code="a">2594002-8</subfield>
          </datafield>
          <datafield tag="026" ind1="-" ind2="1">
            <subfield code="a">ZDB2594002-8</subfield>
          </datafield>
          <controlfield tag="030">a||da||||||37</controlfield>
          <datafield tag="036" ind1="a" ind2="1">
            <subfield code="a">XA-DE</subfield>
          </datafield>
          <datafield tag="037" ind1="b" ind2="1">
            <subfield code="a">ger</subfield>
          </datafield>
          <controlfield tag="050">||||||||g|||||</controlfield>
          <controlfield tag="052">p||||||t|||||||</controlfield>
          <controlfield tag="058">cr||||||||||||</controlfield>
          <datafield tag="070" ind1="-" ind2="1">
            <subfield code="a">0061</subfield>
          </datafield>
          <datafield tag="070" ind1="a" ind2="1">
            <subfield code="a">DNB</subfield>
          </datafield>
          <datafield tag="070" ind1="b" ind2="1">
            <subfield code="a">9999</subfield>
          </datafield>
          <datafield tag="078" ind1="z" ind2="1">
            <subfield code="a">lzZDB</subfield>
          </datafield>
          <datafield tag="078" ind1="n" ind2="1">
            <subfield code="a">NWBib-61</subfield>
          </datafield>
          <datafield tag="078" ind1="r" ind2="1">
            <subfield code="a">epfl-61</subfield>
          </datafield>
          <datafield tag="200" ind1="b" ind2="1">
            <subfield code="k">Düsseldorf</subfield>
            <subfield code="b">Amt für Wohnungswesen</subfield>
            <subfield code="9">(DE-588)16031104-4</subfield>
          </datafield>
          <datafield tag="201" ind1="-" ind2="1">
            <subfield code="k">Amt für Wohnungswesen</subfield>
            <subfield code="h">Düsseldorf</subfield>
          </datafield>
          <datafield tag="201" ind1="-" ind2="1">
            <subfield code="k">Düsseldorf</subfield>
            <subfield code="b">Wohnungsamt</subfield>
          </datafield>
          <datafield tag="201" ind1="-" ind2="1">
            <subfield code="k">Wohnungsamt</subfield>
            <subfield code="h">Düsseldorf</subfield>
          </datafield>
          <datafield tag="331" ind1="-" ind2="1">
            <subfield code="a">Wohnungsmarktbericht</subfield>
          </datafield>
          <datafield tag="334" ind1="-" ind2="1">
            <subfield code="a">Elektronische Ressource</subfield>
          </datafield>
          <datafield tag="335" ind1="-" ind2="1">
            <subfield code="a">Fortschreibung mit Stand ...</subfield>
          </datafield>
          <datafield tag="359" ind1="-" ind2="1">
            <subfield code="a">Landeshauptstadt Düsseldorf, Der Oberbürgermeister, Amt für Wohnungswesen</subfield>
          </datafield>
          <datafield tag="405" ind1="-" ind2="1">
            <subfield code="a">2002=2001(2002) - 2004=2003(2004)</subfield>
          </datafield>
          <datafield tag="410" ind1="-" ind2="1">
            <subfield code="a">Düsseldorf</subfield>
          </datafield>
          <datafield tag="412" ind1="-" ind2="1">
            <subfield code="a">Amt für Wohnungswesen</subfield>
          </datafield>
          <datafield tag="425" ind1="b" ind2="1">
            <subfield code="a">2002</subfield>
          </datafield>
          <datafield tag="425" ind1="c" ind2="1">
            <subfield code="a">2004</subfield>
          </datafield>
          <datafield tag="531" ind1="z" ind2="1">
            <subfield code="p">Druckausg. u. Vorg. ---&gt;</subfield>
            <subfield code="a">Wohnungsmarktbericht</subfield>
            <subfield code="9">HT016481985</subfield>
          </datafield>
          <datafield tag="533" ind1="z" ind2="1">
            <subfield code="p">Forts.: ---&gt;</subfield>
            <subfield code="a">Wohnungsmarkt Düsseldorf</subfield>
            <subfield code="9">HT016709667</subfield>
          </datafield>
          <datafield tag="552" ind1="b" ind2="1">
            <subfield code="a">urn:nbn:de:hbz:061:3-3091</subfield>
          </datafield>
          <datafield tag="652" ind1="a" ind2="1">
            <subfield code="a">Online-Ressource</subfield>
          </datafield>
          <datafield tag="655" ind1="e" ind2="1">
            <subfield code="u">http://nbn-resolving.de/urn:nbn:de:hbz:061:3-3091</subfield>
            <subfield code="x">Resolving-System</subfield>
            <subfield code="A">0</subfield>
          </datafield>
          <datafield tag="655" ind1="e" ind2="1">
            <subfield code="u">http://www.duesseldorf.de/wohnen/veroeffentlichung/index.shtml</subfield>
            <subfield code="x">Verlag</subfield>
            <subfield code="z">kostenfrei</subfield>
            <subfield code="A">0</subfield>
          </datafield>
          <datafield tag="700" ind1="-" ind2="1">
            <subfield code="a">300</subfield>
            <subfield code="2">ZDB</subfield>
          </datafield>
          <datafield tag="700" ind1="n" ind2="1">
            <subfield code="a">99</subfield>
            <subfield code="b">Düsseldorf</subfield>
          </datafield>
          <datafield tag="700" ind1="n" ind2="1">
            <subfield code="a">574060</subfield>
          </datafield>
          <datafield tag="902" ind1="-" ind2="1">
            <subfield code="g">Düsseldorf</subfield>
            <subfield code="9">(DE-588)4013255-9</subfield>
          </datafield>
          <datafield tag="902" ind1="-" ind2="1">
            <subfield code="s">Wohnungsmarkt</subfield>
            <subfield code="9">(DE-588)4066794-7</subfield>
          </datafield>
          <datafield tag="902" ind1="-" ind2="1">
            <subfield code="f">Online-Ressource</subfield>
          </datafield>
          <datafield tag="902" ind1="-" ind2="1">
            <subfield code="f">Zeitschrift</subfield>
          </datafield>
          <datafield tag="904" ind1="a" ind2="1">
            <subfield code="a">DE-61</subfield>
            <subfield code="a">DE-605</subfield>
          </datafield>
          <controlfield tag="SYS">018412741</controlfield>
          <datafield tag="LOW" ind1="-" ind2="1">
            <subfield code="a">A5</subfield>
          </datafield>
          <datafield tag="LOW" ind1="-" ind2="1">
            <subfield code="a">B5</subfield>
          </datafield>
          <datafield tag="LOW" ind1="-" ind2="1">
            <subfield code="a">C5</subfield>
          </datafield>
          <datafield tag="LOW" ind1="-" ind2="1">
            <subfield code="a">D0</subfield>
          </datafield>
          <datafield tag="LOW" ind1="-" ind2="1">
            <subfield code="a">E0</subfield>
          </datafield>
          <datafield tag="LOW" ind1="-" ind2="1">
            <subfield code="a">F0</subfield>
          </datafield>
          <datafield tag="LOW" ind1="-" ind2="1">
            <subfield code="a">G5</subfield>
          </datafield>
          <datafield tag="LOW" ind1="-" ind2="1">
            <subfield code="a">H7</subfield>
          </datafield>
          <datafield tag="LOW" ind1="-" ind2="1">
            <subfield code="a">K0001</subfield>
          </datafield>
          <datafield tag="LOW" ind1="-" ind2="1">
            <subfield code="a">K7</subfield>
          </datafield>
          <datafield tag="LOW" ind1="-" ind2="1">
            <subfield code="a">KD</subfield>
          </datafield>
          <datafield tag="LOW" ind1="-" ind2="1">
            <subfield code="a">KH</subfield>
          </datafield>
          <datafield tag="LOW" ind1="-" ind2="1">
            <subfield code="a">KM</subfield>
          </datafield>
          <datafield tag="LOW" ind1="-" ind2="1">
            <subfield code="a">L0</subfield>
          </datafield>
          <datafield tag="LOW" ind1="-" ind2="1">
            <subfield code="a">L5</subfield>
          </datafield>
          <datafield tag="LOW" ind1="-" ind2="1">
            <subfield code="a">M0</subfield>
          </datafield>
          <datafield tag="LOW" ind1="-" ind2="1">
            <subfield code="a">N5</subfield>
          </datafield>
          <datafield tag="LOW" ind1="-" ind2="1">
            <subfield code="a">P0001</subfield>
          </datafield>
          <datafield tag="LOW" ind1="-" ind2="1">
            <subfield code="a">R0</subfield>
          </datafield>
          <datafield tag="LOW" ind1="-" ind2="1">
            <subfield code="a">R1</subfield>
          </datafield>
          <datafield tag="LOW" ind1="-" ind2="1">
            <subfield code="a">R2</subfield>
          </datafield>
          <datafield tag="LOW" ind1="-" ind2="1">
            <subfield code="a">R3</subfield>
          </datafield>
          <datafield tag="LOW" ind1="-" ind2="1">
            <subfield code="a">RL</subfield>
          </datafield>
          <datafield tag="LOW" ind1="-" ind2="1">
            <subfield code="a">T0011</subfield>
          </datafield>
          <datafield tag="LOW" ind1="-" ind2="1">
            <subfield code="a">T0012</subfield>
          </datafield>
          <datafield tag="LOW" ind1="-" ind2="1">
            <subfield code="a">V0</subfield>
          </datafield>
          <datafield tag="LOW" ind1="-" ind2="1">
            <subfield code="a">X0</subfield>
          </datafield>
          <datafield tag="LOW" ind1="-" ind2="1">
            <subfield code="a">X5</subfield>
          </datafield>
          <datafield tag="LOW" ind1="-" ind2="1">
            <subfield code="a">X7</subfield>
          </datafield>
          <datafield tag="GKZ" ind1="-" ind2="1">
            <subfield code="a">KF</subfield>
          </datafield>
          <datafield tag="952" ind1="-" ind2="1">
            <subfield code="k">Düsseldorf</subfield>
            <subfield code="b">Oberstadtdirektor</subfield>
          </datafield>
          <datafield tag="952" ind1="-" ind2="1">
            <subfield code="k">Oberstadtdirektor</subfield>
            <subfield code="h">Düsseldorf</subfield>
          </datafield>
          <datafield tag="952" ind1="-" ind2="1">
            <subfield code="k">Düsseldorf</subfield>
            <subfield code="b">Stadtverwaltung</subfield>
          </datafield>
          <datafield tag="952" ind1="-" ind2="1">
            <subfield code="k">Stadtverwaltung</subfield>
            <subfield code="h">Düsseldorf</subfield>
          </datafield>
          <datafield tag="952" ind1="-" ind2="1">
            <subfield code="k">Düsseldorf</subfield>
            <subfield code="b">Rat</subfield>
          </datafield>
          <datafield tag="952" ind1="-" ind2="1">
            <subfield code="k">Rat</subfield>
            <subfield code="h">Düsseldorf</subfield>
          </datafield>
          <datafield tag="952" ind1="-" ind2="1">
            <subfield code="k">Düsseldorf</subfield>
            <subfield code="b">Presseamt</subfield>
          </datafield>
          <datafield tag="952" ind1="-" ind2="1">
            <subfield code="k">Presseamt</subfield>
            <subfield code="h">Düsseldorf</subfield>
          </datafield>
          <datafield tag="952" ind1="-" ind2="1">
            <subfield code="k">Düsseldorf</subfield>
            <subfield code="b">Stadtverordnetenversammlung</subfield>
          </datafield>
          <datafield tag="952" ind1="-" ind2="1">
            <subfield code="k">Stadtverordnetenversammlung</subfield>
            <subfield code="h">Düsseldorf</subfield>
          </datafield>
          <datafield tag="952" ind1="-" ind2="1">
            <subfield code="k">Düsseldorf</subfield>
            <subfield code="b">Ratsversammlung</subfield>
          </datafield>
          <datafield tag="952" ind1="-" ind2="1">
            <subfield code="k">Ratsversammlung</subfield>
            <subfield code="h">Düsseldorf</subfield>
          </datafield>
          <datafield tag="952" ind1="-" ind2="1">
            <subfield code="k">Düsseldorf</subfield>
            <subfield code="b">Hauptamt</subfield>
          </datafield>
          <datafield tag="952" ind1="-" ind2="1">
            <subfield code="k">Hauptamt</subfield>
            <subfield code="h">Düsseldorf</subfield>
          </datafield>
          <datafield tag="952" ind1="-" ind2="1">
            <subfield code="k">Düsseldorf</subfield>
            <subfield code="b">Organisationsabteilung</subfield>
          </datafield>
          <datafield tag="952" ind1="-" ind2="1">
            <subfield code="k">Düsseldorf</subfield>
            <subfield code="b">Oberbürgermeister</subfield>
          </datafield>
          <datafield tag="952" ind1="-" ind2="1">
            <subfield code="k">Oberbürgermeister</subfield>
            <subfield code="h">Düsseldorf</subfield>
          </datafield>
          <datafield tag="952" ind1="-" ind2="1">
            <subfield code="g">Dusseldorf</subfield>
          </datafield>
          <datafield tag="952" ind1="-" ind2="1">
            <subfield code="g">Djussel'dorf</subfield>
          </datafield>
          <datafield tag="952" ind1="-" ind2="1">
            <subfield code="g">Dyusserudorufu</subfield>
          </datafield>
          <datafield tag="952" ind1="-" ind2="1">
            <subfield code="g">Duseerduofu</subfield>
          </datafield>
          <datafield tag="952" ind1="-" ind2="1">
            <subfield code="g">Stadtgemeinde Düsseldorf</subfield>
          </datafield>
          <datafield tag="952" ind1="-" ind2="1">
            <subfield code="g">Landeshauptstadt Düsseldorf</subfield>
          </datafield>
          <datafield tag="952" ind1="-" ind2="1">
            <subfield code="g">Stadt Düsseldorf</subfield>
          </datafield>
          <datafield tag="LOW" ind1="-" ind2="1">
            <subfield code="a">A5001</subfield>
          </datafield>
          <datafield tag="LOW" ind1="-" ind2="1">
            <subfield code="a">N5001</subfield>
          </datafield>
          <datafield tag="LOW" ind1="-" ind2="1">
            <subfield code="a">L5001</subfield>
          </datafield>
          <datafield tag="088" ind1=" " ind2=" ">
            <subfield code="a">38</subfield>
          </datafield>
          <datafield tag="088" ind1=" " ind2=" ">
            <subfield code="a">466</subfield>
          </datafield>
          <datafield tag="088" ind1=" " ind2=" ">
            <subfield code="a">385</subfield>
          </datafield>
          <datafield tag="088" ind1=" " ind2=" ">
            <subfield code="a">Tr 5</subfield>
          </datafield>
          <datafield tag="088" ind1=" " ind2=" ">
            <subfield code="a">A 96</subfield>
          </datafield>
          <datafield tag="088" ind1=" " ind2=" ">
            <subfield code="a">829</subfield>
          </datafield>
          <datafield tag="088" ind1=" " ind2=" ">
            <subfield code="a">743</subfield>
          </datafield>
        </record>
      </metadata>
    </record>
  </ListRecords>
</OAI-PMH>
